%YAML 1.1
%TAG !u! tag:unity3d.com,2011:
--- !u!241 &24100000
AudioMixerController:
  m_ObjectHideFlags: 0
  m_CorrespondingSourceObject: {fileID: 0}
  m_PrefabInstance: {fileID: 0}
  m_PrefabAsset: {fileID: 0}
  m_Name: Main Mixer
  m_OutputGroup: {fileID: 0}
  m_MasterGroup: {fileID: 24300002}
  m_Snapshots:
  - {fileID: 24500006}
  m_StartSnapshot: {fileID: 24500006}
  m_SuspendThreshold: -80
  m_EnableSuspend: 1
  m_UpdateMode: 0
  m_ExposedParameters: []
  m_AudioMixerGroupViews:
  - guids:
    - aab66178842f52c4aa6f9c72796fc1cb
    - e56cd3aa8a3a811418440a018cc5f576
    - 6cdbdd52f29d1e245a440147664601dc
    - 7e7b1651be5c3bf43ac11f78f3c866aa
    name: View
  m_CurrentViewIndex: 0
  m_TargetSnapshot: {fileID: 24500006}
--- !u!243 &24300002
AudioMixerGroupController:
  m_ObjectHideFlags: 0
  m_CorrespondingSourceObject: {fileID: 0}
  m_PrefabInstance: {fileID: 0}
  m_PrefabAsset: {fileID: 0}
  m_Name: Master
  m_AudioMixer: {fileID: 24100000}
  m_GroupID: aab66178842f52c4aa6f9c72796fc1cb
  m_Children:
  - {fileID: 243580713908703314}
  - {fileID: 243304776145986982}
  - {fileID: 243230274601398100}
  m_Volume: 9c3154f30b25bb548a979a3345969936
  m_Pitch: 44a4418dd98afa847a92fb35d3ac055f
  m_Send: 00000000000000000000000000000000
  m_Effects:
  - {fileID: 24400004}
  m_UserColorIndex: 0
  m_Mute: 0
  m_Solo: 0
  m_BypassEffects: 0
--- !u!244 &24400004
AudioMixerEffectController:
  m_ObjectHideFlags: 3
  m_CorrespondingSourceObject: {fileID: 0}
  m_PrefabInstance: {fileID: 0}
  m_PrefabAsset: {fileID: 0}
  m_Name: 
  m_EffectID: 8177311aec8836b429b0badb3bfdd243
  m_EffectName: Attenuation
  m_MixLevel: f4dfd407f017a2c4fb8326c7da6ea857
  m_Parameters: []
  m_SendTarget: {fileID: 0}
  m_EnableWetMix: 0
  m_Bypass: 0
--- !u!245 &24500006
AudioMixerSnapshotController:
  m_ObjectHideFlags: 0
  m_CorrespondingSourceObject: {fileID: 0}
  m_PrefabInstance: {fileID: 0}
  m_PrefabAsset: {fileID: 0}
  m_Name: Snapshot
  m_AudioMixer: {fileID: 24100000}
  m_SnapshotID: 7c190b075cce152458c084c002b00895
  m_FloatValues:
    0780d12103c674f479bc17688a5fcfa4: -7.9
    e1526179b65f18646ae8e6b01088fa74: -16.2
    e397ddd9bfcdf1646be8b77d584ab48f: -21.302507
    4137c69c04ca55741af38e898afbaaf8: -4
  m_TransitionOverrides: {}
--- !u!243 &243230274601398100
AudioMixerGroupController:
  m_ObjectHideFlags: 0
  m_CorrespondingSourceObject: {fileID: 0}
  m_PrefabInstance: {fileID: 0}
  m_PrefabAsset: {fileID: 0}
  m_Name: Ambience
  m_AudioMixer: {fileID: 24100000}
  m_GroupID: 7e7b1651be5c3bf43ac11f78f3c866aa
  m_Children: []
  m_Volume: e397ddd9bfcdf1646be8b77d584ab48f
  m_Pitch: bb69c0bdd07eaf443856bfcbcae10825
  m_Send: 00000000000000000000000000000000
  m_Effects:
  - {fileID: 244092514095002186}
  m_UserColorIndex: 0
  m_Mute: 0
  m_Solo: 0
  m_BypassEffects: 0
--- !u!243 &243304776145986982
AudioMixerGroupController:
  m_ObjectHideFlags: 0
  m_CorrespondingSourceObject: {fileID: 0}
  m_PrefabInstance: {fileID: 0}
  m_PrefabAsset: {fileID: 0}
  m_Name: FX
  m_AudioMixer: {fileID: 24100000}
  m_GroupID: e56cd3aa8a3a811418440a018cc5f576
  m_Children: []
  m_Volume: 4137c69c04ca55741af38e898afbaaf8
  m_Pitch: 4fd189c29c535574f882aba8787296c0
  m_Send: 00000000000000000000000000000000
  m_Effects:
  - {fileID: 244607564111507230}
  - {fileID: 244995237358845590}
  m_UserColorIndex: 0
  m_Mute: 0
  m_Solo: 0
  m_BypassEffects: 0
--- !u!243 &243580713908703314
AudioMixerGroupController:
  m_ObjectHideFlags: 0
  m_CorrespondingSourceObject: {fileID: 0}
  m_PrefabInstance: {fileID: 0}
  m_PrefabAsset: {fileID: 0}
  m_Name: Music
  m_AudioMixer: {fileID: 24100000}
  m_GroupID: 6cdbdd52f29d1e245a440147664601dc
  m_Children: []
  m_Volume: 0780d12103c674f479bc17688a5fcfa4
  m_Pitch: 42a0f5d0d7ccb234b8185acac4208009
  m_Send: 00000000000000000000000000000000
  m_Effects:
  - {fileID: 244475159953734606}
  - {fileID: 244761007120311778}
  m_UserColorIndex: 0
  m_Mute: 0
  m_Solo: 0
  m_BypassEffects: 0
--- !u!244 &244092514095002186
AudioMixerEffectController:
  m_ObjectHideFlags: 3
  m_CorrespondingSourceObject: {fileID: 0}
  m_PrefabInstance: {fileID: 0}
  m_PrefabAsset: {fileID: 0}
  m_Name: 
  m_EffectID: fbf6d75e36dfdc14c872a8c6eda1084a
  m_EffectName: Attenuation
  m_MixLevel: 8a226c4ee752dc042a36c2f16c72ec7d
  m_Parameters: []
  m_SendTarget: {fileID: 0}
  m_EnableWetMix: 0
  m_Bypass: 0
--- !u!244 &244475159953734606
AudioMixerEffectController:
  m_ObjectHideFlags: 3
  m_CorrespondingSourceObject: {fileID: 0}
  m_PrefabInstance: {fileID: 0}
  m_PrefabAsset: {fileID: 0}
  m_Name: 
  m_EffectID: 0350d852588e40d469fa877fecd18cf0
  m_EffectName: Attenuation
  m_MixLevel: 896fb5c48738f92418744f4fd57df5d6
  m_Parameters: []
  m_SendTarget: {fileID: 0}
  m_EnableWetMix: 0
  m_Bypass: 0
--- !u!244 &244607564111507230
AudioMixerEffectController:
  m_ObjectHideFlags: 3
  m_CorrespondingSourceObject: {fileID: 0}
  m_PrefabInstance: {fileID: 0}
  m_PrefabAsset: {fileID: 0}
  m_Name: 
  m_EffectID: a1dd201cb5fee2b499c87889150b9308
  m_EffectName: Attenuation
  m_MixLevel: 2477798a36de0824c8738bd8df7687a1
  m_Parameters: []
  m_SendTarget: {fileID: 0}
  m_EnableWetMix: 0
  m_Bypass: 0
--- !u!244 &244761007120311778
AudioMixerEffectController:
  m_ObjectHideFlags: 3
  m_CorrespondingSourceObject: {fileID: 0}
  m_PrefabInstance: {fileID: 0}
  m_PrefabAsset: {fileID: 0}
  m_Name: 
  m_EffectID: fd58f9f69578fe940900048abbe71407
  m_EffectName: Compressor
  m_MixLevel: 6546bf1bc9c3c3143b1e35cf1be7e69f
  m_Parameters:
  - m_ParameterName: Threshold
    m_GUID: e1526179b65f18646ae8e6b01088fa74
  - m_ParameterName: Attack
    m_GUID: be7dc1a7943dd64429c715c808ea63e9
  - m_ParameterName: Release
    m_GUID: 6e9b4159d0d6e51449bd393b70146034
  - m_ParameterName: Make up gain
    m_GUID: dfaf83d08038a8848b230c75637ddd88
  m_SendTarget: {fileID: 0}
  m_EnableWetMix: 0
  m_Bypass: 0
--- !u!244 &244995237358845590
AudioMixerEffectController:
  m_ObjectHideFlags: 3
  m_CorrespondingSourceObject: {fileID: 0}
  m_PrefabInstance: {fileID: 0}
  m_PrefabAsset: {fileID: 0}
  m_Name: 
  m_EffectID: c0a47b12683240846a4ba3f5196bd366
  m_EffectName: SFX Reverb
  m_MixLevel: 326f905a2f3a2c24b80eca91899aed70
  m_Parameters:
  - m_ParameterName: Dry Level
    m_GUID: e035400f2551e764090823e18c36e4a5
  - m_ParameterName: Room
    m_GUID: 95b72e929cd6d6843a0b6f1cd4257894
  - m_ParameterName: Room HF
    m_GUID: b7b0c9262052b574ba1ed0687ce46945
  - m_ParameterName: Decay Time
    m_GUID: 1a677b970b87cee4fa4a0c1ae813c96e
  - m_ParameterName: Decay HF Ratio
    m_GUID: 82322f0c3aecaec4686aaf188cdf53ff
  - m_ParameterName: Reflections
    m_GUID: 3bd75c26ee2a9a1449345d9aeb5626ba
  - m_ParameterName: Reflect Delay
    m_GUID: 05b6723964387ca4eb4728bbc7d78c12
  - m_ParameterName: Reverb
    m_GUID: 99026f965c7ca1d4a87ed71833baecf8
  - m_ParameterName: Reverb Delay
    m_GUID: cd986359b8a5b7f47894e390e0dc5076
  - m_ParameterName: Diffusion
    m_GUID: dcf2c240ce186024da6bda697211ae7e
  - m_ParameterName: Density
    m_GUID: 8fa601929cf49554a8da047aa8e6c636
  - m_ParameterName: HF Reference
    m_GUID: 8fbd17c192e995943a1d8ac60832625e
  - m_ParameterName: Room LF
    m_GUID: e8bdcf929ff213a4d955df59efc0aa16
  - m_ParameterName: LF Reference
    m_GUID: 71d770a387fc51f4bb0e67840d968a75
  m_SendTarget: {fileID: 0}
  m_EnableWetMix: 0
  m_Bypass: 0
